[gd_scene load_steps=10 format=2]

[ext_resource path="res://Score/Score.gd" type="Script" id=1]
[ext_resource path="res://Assets/png/Background/score.png" type="Texture" id=2]
[ext_resource path="res://Assets/IranNastaliq.ttf" type="DynamicFontData" id=3]
[ext_resource path="res://Assets/png/Background/heart.png" type="Texture" id=4]

[sub_resource type="Gradient" id=1]
colors = PoolColorArray( 0.827451, 0.729412, 0.396078, 1, 1, 1, 1, 1 )

[sub_resource type="GradientTexture" id=2]
gradient = SubResource( 1 )
width = 230

[sub_resource type="DynamicFont" id=3]
size = 24
font_data = ExtResource( 3 )

[sub_resource type="Animation" id=4]
resource_name = "s10"
length = 0.9
tracks/0/type = "value"
tracks/0/path = NodePath(".:frame")
tracks/0/interp = 1
tracks/0/loop_wrap = true
tracks/0/imported = false
tracks/0/enabled = true
tracks/0/keys = {
"times": PoolRealArray( 0, 0.3, 0.5, 0.8 ),
"transitions": PoolRealArray( 1, 1, 1, 1 ),
"update": 1,
"values": [ 0, 1, 3, 9 ]
}

[sub_resource type="Animation" id=5]
resource_name = "s20"
tracks/0/type = "value"
tracks/0/path = NodePath(".:frame")
tracks/0/interp = 1
tracks/0/loop_wrap = true
tracks/0/imported = false
tracks/0/enabled = true
tracks/0/keys = {
"times": PoolRealArray( 0, 0.3, 0.6, 0.9 ),
"transitions": PoolRealArray( 1, 1, 1, 1 ),
"update": 1,
"values": [ 0, 4, 5, 9 ]
}

[node name="Score" type="CanvasLayer"]
scale = Vector2( 0.7, 0.6 )
transform = Transform2D( 0.7, 0, 0, 0.6, 0, 0 )
script = ExtResource( 1 )

[node name="TR_Score" type="TextureRect" parent="."]
margin_left = 1060.78
margin_top = 0.388754
margin_right = 1560.78
margin_bottom = 90.3888
rect_scale = Vector2( 0.8, 0.8 )
texture = SubResource( 2 )
expand = true
__meta__ = {
"_edit_use_anchors_": false
}

[node name="lblTop" type="Label" parent="TR_Score"]
margin_top = 10.0
margin_right = 154.0
margin_bottom = 78.0
custom_fonts/font = SubResource( 3 )
custom_colors/font_color = Color( 0.447059, 0.294118, 0.419608, 1 )
text = "TopScore: 000"
valign = 1
__meta__ = {
"_edit_use_anchors_": false
}

[node name="Sprite2" type="Sprite" parent="TR_Score"]
position = Vector2( 280, 44 )
scale = Vector2( 0.4, 0.4 )
texture = ExtResource( 2 )
hframes = 10

[node name="AnimationPlayer" type="AnimationPlayer" parent="TR_Score/Sprite2"]
anims/s10 = SubResource( 4 )
anims/s20 = SubResource( 5 )

[node name="lblScore" type="Label" parent="TR_Score"]
margin_left = 308.0
margin_top = 10.0
margin_right = 371.0
margin_bottom = 78.0
grow_horizontal = 0
custom_fonts/font = SubResource( 3 )
custom_colors/font_color = Color( 0.447059, 0.294118, 0.419608, 1 )
text = "000"
__meta__ = {
"_edit_use_anchors_": false
}

[node name="Sprite" type="Sprite" parent="TR_Score"]
position = Vector2( 408, 45 )
scale = Vector2( 0.08, 0.08 )
texture = ExtResource( 4 )

[node name="lblLife" type="Label" parent="TR_Score"]
margin_left = 448.0
margin_top = 10.0
margin_right = 498.0
margin_bottom = 78.0
custom_fonts/font = SubResource( 3 )
custom_colors/font_color = Color( 0.447059, 0.294118, 0.419608, 1 )
text = "03"
valign = 1
__meta__ = {
"_edit_use_anchors_": false
}

[node name="TR_Player" type="TextureRect" parent="."]
margin_right = 400.0
margin_bottom = 90.0
rect_scale = Vector2( 0.8, 0.8 )
texture = SubResource( 2 )
expand = true
__meta__ = {
"_edit_use_anchors_": false
}

[node name="TextureRect" type="TextureRect" parent="TR_Player"]
margin_right = 80.0
margin_bottom = 88.0
rect_min_size = Vector2( 80, 88 )
texture = ExtResource( 4 )
expand = true
stretch_mode = 1
__meta__ = {
"_edit_use_anchors_": false
}

[node name="lbLPlayerName" type="Label" parent="TR_Player"]
margin_left = 80.0
margin_top = 10.0
margin_right = 392.0
margin_bottom = 78.0
custom_fonts/font = SubResource( 3 )
custom_colors/font_color = Color( 0.447059, 0.294118, 0.419608, 1 )
text = "CurrentUserName"
valign = 1
__meta__ = {
"_edit_use_anchors_": false
}

[node name="TR_Top" type="TextureRect" parent="."]
margin_left = 555.102
margin_right = 955.102
margin_bottom = 90.0
rect_scale = Vector2( 0.8, 0.8 )
texture = SubResource( 2 )
expand = true
__meta__ = {
"_edit_use_anchors_": false
}

[node name="Sprite" type="Sprite" parent="TR_Top"]
position = Vector2( 48, 44 )
scale = Vector2( 0.08, 0.08 )
texture = ExtResource( 4 )

[node name="lbLTopest" type="Label" parent="TR_Top"]
margin_left = 80.0
margin_top = 10.0
margin_right = 392.0
margin_bottom = 78.0
custom_fonts/font = SubResource( 3 )
custom_colors/font_color = Color( 0.447059, 0.294118, 0.419608, 1 )
text = "TopperUser"
valign = 1
__meta__ = {
"_edit_use_anchors_": false
}
